<?xml version="1.0" encoding="UTF-8"?><collection xmlns="http://www.loc.gov/MARC21/slim"><record><leader>00371nam--2200145-i-4500</leader><controlfield tag="001">000043285</controlfield><controlfield tag="002">20161230</controlfield><controlfield tag="005">20170128135912</controlfield><controlfield tag="008">060222s1000------------r-----000-0-eng-d</controlfield><datafield ind1=" " ind2=" " tag="100"><subfield code="a">Swiggett, Robert L</subfield></datafield><datafield ind1=" " ind2=" " tag="245"><subfield code="a">Introductioin to printed circuits</subfield></datafield><datafield ind1=" " ind2=" " tag="260"><subfield code="a">New York</subfield><subfield code="b">John F.Rider Publ</subfield><subfield code="c">1956</subfield></datafield><datafield ind1=" " ind2=" " tag="300"><subfield code="a">IX + 101 p</subfield></datafield><datafield ind1=" " ind2=" " tag="852"><subfield code="a">15362</subfield></datafield><datafield ind1=" " ind2=" " tag="CAT"><subfield code="a">SYS</subfield><subfield code="c">20170128</subfield><subfield code="h">135912</subfield></datafield></record></collection>